@article{ondov2016mash,
  title={Mash: fast genome and metagenome distance estimation using MinHash},
  author={Ondov, Brian D and Treangen, Todd J and Melsted, P{\'a}ll and Mallonee, Adam B and Bergman, Nicholas H and Koren, Sergey and Phillippy, Adam M},
  journal={Genome biology},
  volume={17},
  number={1},
  pages={132},
  year={2016},
  publisher={BioMed Central}
}

@article{boveefinch,
  title={Finch: a tool adding dynamic abundance filtering to genomic MinHashing},
  author={Bovee, Roderick and Greenfield, Nick},
  volume={3},
  number={22},
  pages={505},
  year={2018},
}

@article{brown2016sourmash,
  title={sourmash: a library for MinHash sketching of DNA},
  author={Brown, C Titus and Irber, Luiz},
  journal={The Journal of Open Source Software},
  volume={1},
  number={5},
  year={2016}
}


@article{wood2014kraken,
  title={Kraken: ultrafast metagenomic sequence classification using exact alignments},
  author={Wood, Derrick E and Salzberg, Steven L},
  journal={Genome biology},
  volume={15},
  number={3},
  pages={R46},
  year={2014},
  publisher={BioMed Central}
}
@article{lu2017bracken,
  title={Bracken: estimating species abundance in metagenomics data},
  author={Lu, Jennifer and Breitwieser, Florian P and Thielen, Peter and Salzberg, Steven L},
  journal={PeerJ Computer Science},
  volume={3},
  pages={e104},
  year={2017},
  publisher={PeerJ Inc.}
}
@article{conesa2016survey,
  title={A survey of best practices for RNA-seq data analysis},
  author={Conesa, Ana and Madrigal, Pedro and Tarazona, Sonia and Gomez-Cabrero, David and Cervera, Alejandra and McPherson, Andrew and Szcze{\'s}niak, Micha{\l} Wojciech and Gaffney, Daniel J and Elo, Laura L and Zhang, Xuegong and others},
  journal={Genome biology},
  volume={17},
  number={1},
  pages={13},
  year={2016},
  publisher={BioMed Central}
}
@article{schurch2016many,
  title={How many biological replicates are needed in an RNA-seq experiment and which differential expression tool should you use?},
  author={Schurch, Nicholas J and Schofield, Piet{\'a} and Gierli{\'n}ski, Marek and Cole, Christian and Sherstnev, Alexander and Singh, Vijender and Wrobel, Nicola and Gharbi, Karim and Simpson, Gordon G and Owen-Hughes, Tom and others},
  journal={Rna},
  year={2016},
  publisher={Cold Spring Harbor Lab}
}
@article{crusoe2015khmer,
  title={The khmer software package: enabling efficient nucleotide sequence analysis},
  author={Crusoe, Michael R and Alameldin, Hussien F and Awad, Sherine and Boucher, Elmar and Caldwell, Adam and Cartwright, Reed and Charbonneau, Amanda and Constantinides, Bede and Edvenson, Greg and Fay, Scott and others},
  journal={F1000Research},
  volume={4},
  year={2015},
  publisher={Faculty of 1000 Ltd}
}
@article{bolger2014trimmomatic,
  title={Trimmomatic: a flexible trimmer for Illumina sequence data},
  author={Bolger, Anthony M and Lohse, Marc and Usadel, Bjoern},
  journal={Bioinformatics},
  volume={30},
  number={15},
  pages={2114--2120},
  year={2014},
  publisher={Oxford University Press}
}
@article{patro2017salmon,
  title={Salmon provides fast and bias-aware quantification of transcript expression},
  author={Patro, Rob and Duggal, Geet and Love, Michael I and Irizarry, Rafael A and Kingsford, Carl},
  journal={Nature methods},
  volume={14},
  number={4},
  pages={417},
  year={2017},
  publisher={Nature Publishing Group}
}
@article{robinson2010edger,
  title={edgeR: a Bioconductor package for differential expression analysis of digital gene expression data},
  author={Robinson, Mark D and McCarthy, Davis J and Smyth, Gordon K},
  journal={Bioinformatics},
  volume={26},
  number={1},
  pages={139--140},
  year={2010},
  publisher={Oxford University Press}
}


@misc{mash_screen, 
title={Mash Screen: What's in my Sequencing Run?}, url={genomeinformatics.github.io/mash-screen},
year={2017}, 
month={Sept}
}

@article{zhao2018bindash,
  title={BinDash, software for fast genome distance estimation on a typical personal laptop},
  author={Zhao, XiaoFei},
  journal={Bioinformatics},
  year={2018}
}

@misc{ncbi_2018, 
title={Sequence Read Archive Overview}, 
url={trace.ncbi.nlm.nih.gov/Traces/sra/sra.cgi},
journal={National Center for Biotechnology Information},
publisher={U.S. National Library of Medicine},
year={2018}, 
month={Dec}
}

@article{baker2018dashing,
  title={Dashing: Fast and Accurate Genomic Distances with HyperLogLog},
  author={Baker, Daniel N and Langmead, Benjamin},
  journal={BioRxiv},
  pages={501726},
  year={2018},
  publisher={Cold Spring Harbor Laboratory}
}

@article{koslicki2016metapalette,
  title={MetaPalette: A K-mer painting approach for metagenomic taxonomic profiling and quantification of novel strain variation},
  author={Koslicki, David and Falush, Daniel},
  journal={mSystems},
  volume={1},
  number={3},
  pages={e00020--16},
  year={2016},
  publisher={Am Soc Microbiol}
}
@article{kim2016centrifuge,
  title={Centrifuge: rapid and sensitive classification of metagenomic sequences},
  author={Kim, Daehwan and Song, Li and Breitwieser, Florian P and Salzberg, Steven L},
  journal={Genome research},
  year={2016},
  publisher={Cold Spring Harbor Lab}
}


@article{salvatore2018beware,
  title={Beware the Jaccard: the choice of metric is important and non-trivial in genomic colocalisation analysis.},
  author={Salvatore, Stefania and Rand, Knut Dagestad and Grytten, Ivar and Ferkingstad, Egil and Domanska, Diana Eva and Holden, Lars and Gheorghe, Marius and Mathelier, Anthony and Glad, Ingrid and Sandve, Geir Kjetil},
  journal={bioRxiv},
  pages={479253},
  year={2018},
  publisher={Cold Spring Harbor Laboratory}
}

@article{Pride2003,
  doi = {10.1101/gr.335003},
  url = {https://doi.org/10.1101/gr.335003},
  year  = {2003},
  month = {jan},
  publisher = {Cold Spring Harbor Laboratory},
  volume = {13},
  number = {2},
  pages = {145--158},
  author = {D. T. Pride},
  title = {Evolutionary Implications of Microbial Genome Tetranucleotide Frequency Biases},
  journal = {Genome Research}
}

@article{Reiter2018,
  doi = {10.1101/499541},
  url = {https://doi.org/10.1101/499541},
  year  = {2018},
  month = {dec},
  publisher = {Cold Spring Harbor Laboratory},
  author = {Taylor Reiter and C. Titus Brown},
  title = {Microbial contamination in the genome of the domesticated olive}
}

@article{Awad2017,
  doi = {10.1101/155358},
  url = {https://doi.org/10.1101/155358},
  year  = {2017},
  month = {jun},
  publisher = {Cold Spring Harbor Laboratory},
  author = {Sherine Awad and Luiz Irber and C. Titus Brown},
  title = {Evaluating Metagenome Assembly on a Simple Defined Community with Many Strain Variants}
}

@article{Shakya2013,
  doi = {10.1111/1462-2920.12086},
  url = {https://doi.org/10.1111/1462-2920.12086},
  year  = {2013},
  month = {feb},
  publisher = {Wiley},
  volume = {15},
  number = {6},
  pages = {1882--1899},
  author = {Migun Shakya and Christopher Quince and James H. Campbell and Zamin K. Yang and Christopher W. Schadt and Mircea Podar},
  title = {Comparative metagenomic and {rRNA} microbial diversity characterization using archaeal and bacterial synthetic communities},
  journal = {Environmental Microbiology}
}
@article{rowe2019streaming,
  title={Streaming histogram sketching for rapid microbiome analytics},
  author={Rowe, Will PM and Carrieri, Anna Paola and Alcon-Giner, Cristina and Caim, Shabhonam and Shaw, Alex and Sim, Kathleen and Kroll, J Simon and Hall, Lindsay J and Pyzer-Knapp, Edward O and Winn, Martyn D},
  journal={Microbiome},
  volume={7},
  number={1},
  pages={40},
  year={2019},
  publisher={BioMed Central}
}

@article{wilson2017good,
  title={Good enough practices in scientific computing},
  author={Wilson, Greg and Bryan, Jennifer and Cranston, Karen and Kitzes, Justin and Nederbragt, Lex and Teal, Tracy K},
  journal={PLoS computational biology},
  volume={13},
  number={6},
  year={2017},
  publisher={Public Library of Science}
}

@article{ewels2016,
  title={MultiQC: summarize analysis results for multiple tools and samples in a single report},
  author={Ewels, Philip and Magnusson, M{\aa}ns and Lundin, Sverker and K{\"a}ller, Max},
  journal={Bioinformatics},
  volume={32},
  number={19},
  pages={3047--3048},
  year={2016},
  publisher={Oxford University Press}
}

@inproceedings{Jupyter2018,
  doi = {10.25080/majora-4af1f417-011},
  url = {https://doi.org/10.25080/majora-4af1f417-011},
  year = {2018},
  publisher = {{SciPy}},
  author = {Project Jupyter and Matthias Bussonnier and Jessica Forde and Jeremy Freeman and Brian Granger and Tim Head and Chris Holdgraf and Kyle Kelley and Gladys Nalvarte and Andrew Osheroff and M Pacer and Yuvi Panda and Fernando Perez and Benjamin Ragan-Kelley and Carol Willing},
  title = {Binder 2.0 - Reproducible,  interactive,  sharable environments for science at scale},
  booktitle = {Proceedings of the 17th Python in Science Conference}
}

@article{leinonen2010,
  title={The sequence read archive},
  author={Leinonen, Rasko and Sugawara, Hideaki and Shumway, Martin and International Nucleotide Sequence Database Collaboration},
  journal={Nucleic acids research},
  volume={39},
  number={suppl\_1},
  pages={D19--D21},
  year={2010},
  publisher={Oxford University Press}
}

@article{leinonen2010european,
  title={The European nucleotide archive},
  author={Leinonen, Rasko and Akhtar, Ruth and Birney, Ewan and Bower, Lawrence and Cerdeno-T{\'a}rraga, Ana and Cheng, Ying and Cleland, Iain and Faruque, Nadeem and Goodgame, Neil and Gibson, Richard and others},
  journal={Nucleic acids research},
  volume={39},
  number={suppl\_1},
  pages={D28--D31},
  year={2010},
  publisher={Oxford University Press}
}

@article{tateno2002dna,
  title={DNA Data Bank of Japan (DDBJ) for genome scale research in life science},
  author={Tateno, Yoshio and Imanishi, Tadashi and Miyazaki, Satoru and Fukami-Kobayashi, Kaoru and Saitou, Naruya and Sugawara, Hideaki and Gojobori, Takashi},
  journal={Nucleic acids research},
  volume={30},
  number={1},
  pages={27--30},
  year={2002},
  publisher={Oxford University Press}
}

@article{harris2020wormbase,
  title={WormBase: a modern model organism information resource},
  author={Harris, Todd W and Arnaboldi, Valerio and Cain, Scott and Chan, Juancarlos and Chen, Wen J and Cho, Jaehyoung and Davis, Paul and Gao, Sibyl and Grove, Christian A and Kishore, Ranjana and others},
  journal={Nucleic acids research},
  volume={48},
  number={D1},
  pages={D762--D767},
  year={2020},
  publisher={Oxford University Press}
}

@article{cherry2012saccharomyces,
  title={Saccharomyces Genome Database: the genomics resource of budding yeast},
  author={Cherry, J Michael and Hong, Eurie L and Amundsen, Craig and Balakrishnan, Rama and Binkley, Gail and Chan, Esther T and Christie, Karen R and Costanzo, Maria C and Dwight, Selina S and Engel, Stacia R and others},
  journal={Nucleic acids research},
  volume={40},
  number={D1},
  pages={D700--D705},
  year={2012},
  publisher={Oxford University Press}
}

@article{st2014flybase,
  title={FlyBase 102—advanced approaches to interrogating FlyBase},
  author={St. Pierre, Susan E and Ponting, Laura and Stefancsik, Raymund and McQuilton, Peter and FlyBase Consortium},
  journal={Nucleic acids research},
  volume={42},
  number={D1},
  pages={D780--D788},
  year={2014},
  publisher={Oxford University Press}
}

@article{grant2010soybase,
  title={SoyBase, the USDA-ARS soybean genetics and genomics database},
  author={Grant, David and Nelson, Rex T and Cannon, Steven B and Shoemaker, Randy C},
  journal={Nucleic acids research},
  volume={38},
  number={suppl\_1},
  pages={D843--D846},
  year={2010},
  publisher={Oxford University Press}
}

@article{pesant2015open,
  title={Open science resources for the discovery and analysis of Tara Oceans data},
  author={Pesant, St{\'e}phane and Not, Fabrice and Picheral, Marc and Kandels-Lewis, Stefanie and Le Bescot, Noan and Gorsky, Gabriel and Iudicone, Daniele and Karsenti, Eric and Speich, Sabrina and Troubl{\'e}, Romain and others},
  journal={Scientific data},
  volume={2},
  number={1},
  pages={1--16},
  year={2015},
  publisher={Nature Publishing Group}
}

@article{turnbaugh2007human,
  title={The human microbiome project},
  author={Turnbaugh, Peter J and Ley, Ruth E and Hamady, Micah and Fraser-Liggett, Claire M and Knight, Rob and Gordon, Jeffrey I},
  journal={Nature},
  volume={449},
  number={7164},
  pages={804--810},
  year={2007},
  publisher={Nature Publishing Group}
}

@article{integrative2014integrative,
  title={The Integrative Human Microbiome Project: dynamic analysis of microbiome-host omics profiles during periods of human health and disease.},
  author={Integrative, HMP},
  journal={Cell host \& microbe},
  volume={16},
  number={3},
  pages={276},
  year={2014}
}

@article{clarke20121000,
  title={The 1000 Genomes Project: data management and community access},
  author={Clarke, Laura and Zheng-Bradley, Xiangqun and Smith, Richard and Kulesha, Eugene and Xiao, Chunlin and Toneva, Iliana and Vaughan, Brendan and Preuss, Don and Leinonen, Rasko and Shumway, Martin and others},
  journal={Nature methods},
  volume={9},
  number={5},
  pages={459--462},
  year={2012},
  publisher={Nature Publishing Group}
}

@article{keeling2014marine,
  title={The Marine Microbial Eukaryote Transcriptome Sequencing Project (MMETSP): illuminating the functional diversity of eukaryotic life in the oceans through transcriptome sequencing},
  author={Keeling, Patrick J and Burki, Fabien and Wilcox, Heather M and Allam, Bassem and Allen, Eric E and Amaral-Zettler, Linda A and Armbrust, E Virginia and Archibald, John M and Bharti, Arvind K and Bell, Callum J and others},
  journal={PLoS biology},
  volume={12},
  number={6},
  year={2014},
  publisher={Public Library of Science}
}

@article{foster2017open,
  title={Open science framework (OSF)},
  author={Foster, Erin D and Deardorff, Ariel},
  journal={Journal of the Medical Library Association: JMLA},
  volume={105},
  number={2},
  pages={203},
  year={2017},
  publisher={Medical Library Association}
}

@article{bailleul2016rclone,
  title={RClone: a package to identify MultiLocus Clonal Lineages and handle clonal data sets in r.},
  author={Bailleul, Diane and Stoeckel, Solenn and Arnaud-Haond, Sophie},
  journal={Methods in ecology and evolution},
  volume={7},
  number={8},
  pages={966--970},
  year={2016},
  publisher={Wiley Online Library}
}

@article{de2018recognizing,
  title={Recognizing the reagent microbiome},
  author={de Goffau, Marcus C and Lager, Susanne and Salter, Susannah J and Wagner, Josef and Kronbichler, Andreas and Charnock-Jones, D Stephen and Peacock, Sharon J and Smith, Gordon CS and Parkhill, Julian},
  journal={Nature microbiology},
  volume={3},
  number={8},
  pages={851--853},
  year={2018},
  publisher={Nature Publishing Group}
}

@article{scholes2020comparison,
  title={Comparison of RNA isolation methods on RNA-Seq: implications for differential expression and meta-analyses},
  author={Scholes, Amanda N and Lewis, Jeffrey A},
  journal={BMC Genomics},
  volume={21},
  number={1},
  pages={1--9},
  year={2020},
  publisher={Springer}
}

@inproceedings{kluyver2016jupyter,
  title={Jupyter Notebooks-a publishing format for reproducible computational workflows.},
  author={Kluyver, Thomas and Ragan-Kelley, Benjamin and P{\'e}rez, Fernando and Granger, Brian E and Bussonnier, Matthias and Frederic, Jonathan and Kelley, Kyle and Hamrick, Jessica B and Grout, Jason and Corlay, Sylvain and others},
  booktitle={ELPUB},
  pages={87--90},
  year={2016}
}

@article{allaire2018rmarkdown,
  title={rmarkdown: Dynamic Documents for R},
  author={Allaire, J and Cheng, Joe and Xie, Yihui and McPherson, Jonathan and Chang, Winston and Allen, Jeff and Wickham, Hadley and Atkins, Aron and Hyndman, Rob and Arslan, Ruben},
  journal={R package version},
  volume={1},
  number={11},
  year={2018}
}

@article{conesa2016,
  title={A survey of best practices for RNA-seq data analysis},
  author={Conesa, Ana and Madrigal, Pedro and Tarazona, Sonia and Gomez-Cabrero, David and Cervera, Alejandra and McPherson, Andrew and Szcze{\'s}niak, Micha{\l} Wojciech and Gaffney, Daniel J and Elo, Laura L and Zhang, Xuegong and others},
  journal={Genome biology},
  volume={17},
  number={1},
  pages={13},
  year={2016},
  publisher={BioMed Central}
}

@article{schurch2016,
  title={How many biological replicates are needed in an RNA-seq experiment and which differential expression tool should you use?},
  author={Schurch, Nicholas J and Schofield, Piet{\'a} and Gierli{\'n}ski, Marek and Cole, Christian and Sherstnev, Alexander and Singh, Vijender and Wrobel, Nicola and Gharbi, Karim and Simpson, Gordon G and Owen-Hughes, Tom and others},
  journal={Rna},
  volume={22},
  number={6},
  pages={839--851},
  year={2016},
  publisher={Cold Spring Harbor Lab}
}

@article{ching2014,
  title={Power analysis and sample size estimation for RNA-Seq differential expression},
  author={Ching, Travers and Huang, Sijia and Garmire, Lana X},
  journal={Rna},
  volume={20},
  number={11},
  pages={1684--1696},
  year={2014},
  publisher={Cold Spring Harbor Lab}
}

@article{knight2012,
  title={Unlocking the potential of metagenomics through replicated experimental design},
  author={Knight, Rob and Jansson, Janet and Field, Dawn and Fierer, Noah and Desai, Narayan and Fuhrman, Jed A and Hugenholtz, Phil and Van Der Lelie, Daniel and Meyer, Folker and Stevens, Rick and others},
  journal={Nature biotechnology},
  volume={30},
  number={6},
  pages={513},
  year={2012},
  publisher={Nature Publishing Group}
}

@article{quince2017,
  title={Shotgun metagenomics, from sampling to analysis},
  author={Quince, Christopher and Walker, Alan W and Simpson, Jared T and Loman, Nicholas J and Segata, Nicola},
  journal={Nature biotechnology},
  volume={35},
  number={9},
  pages={833},
  year={2017},
  publisher={Nature Publishing Group}
}

@article{mclaren2019,
  title={Consistent and correctable bias in metagenomic sequencing experiments},
  author={McLaren, Michael R and Willis, Amy D and Callahan, Benjamin J},
  journal={Elife},
  volume={8},
  year={2019},
  publisher={eLife Sciences Publications, Ltd}
}

@article{murray2015,
  title={From benchtop to desktop: important considerations when designing amplicon sequencing workflows},
  author={Murray, Daithi C and Coghlan, Megan L and Bunce, Michael},
  journal={PLoS One},
  volume={10},
  number={4},
  year={2015},
  publisher={Public Library of Science}
}

@article{sinha2017,
  title={Assessment of variation in microbial community amplicon sequencing by the Microbiome Quality Control (MBQC) project consortium},
  author={Sinha, Rashmi and Abu-Ali, Galeb and Vogtmann, Emily and Fodor, Anthony A and Ren, Boyu and Amir, Amnon and Schwager, Emma and Crabtree, Jonathan and Ma, Siyuan and Abnet, Christian C and others},
  journal={Nature biotechnology},
  volume={35},
  number={11},
  pages={1077},
  year={2017},
  publisher={Nature Publishing Group}
}

@article{eisenhofer2019,
  title={Contamination in low microbial biomass microbiome studies: issues and recommendations},
  author={Eisenhofer, Raphael and Minich, Jeremiah J and Marotz, Clarisse and Cooper, Alan and Knight, Rob and Weyrich, Laura S},
  journal={Trends in microbiology},
  volume={27},
  number={2},
  pages={105--117},
  year={2019},
  publisher={Elsevier}
}

@article{fuentes2017,
  title={Whole-genome sequencing approaches for conservation biology: Advantages, limitations and practical recommendations},
  author={Fuentes-Pardo, Angela P and Ruzzante, Daniel E},
  journal={Molecular ecology},
  volume={26},
  number={20},
  pages={5369--5406},
  year={2017},
  publisher={Wiley Online Library}
}

@article{liao2015,
  title={Completing bacterial genome assemblies: strategy and performance comparisons},
  author={Liao, Yu-Chieh and Lin, Shu-Hung and Lin, Hsin-Hung},
  journal={Scientific reports},
  volume={5},
  pages={8747},
  year={2015},
  publisher={Nature Publishing Group}
}

@article{bacher2016,
  title={Design and computational analysis of single-cell RNA-sequencing experiments},
  author={Bacher, Rhonda and Kendziorski, Christina},
  journal={Genome biology},
  volume={17},
  number={1},
  pages={63},
  year={2016},
  publisher={BioMed Central}
}

@article{haque2017,
  title={A practical guide to single-cell RNA-sequencing for biomedical research and clinical applications},
  author={Haque, Ashraful and Engel, Jessica and Teichmann, Sarah A and L{\"o}nnberg, Tapio},
  journal={Genome medicine},
  volume={9},
  number={1},
  pages={75},
  year={2017},
  publisher={BioMed Central}
}

@article{aruliah2012best,
  title={Best practices for scientific computing},
  author={Aruliah, Dhavide A and Brown, C Titus and Hong, Neil P Chue and Davis, Matt and Guy, Richard T and Haddock, Steven HD and Huff, Katy and Mitchell, Ian and Plumbley, Mark and Waugh, Ben and others},
  journal={arXiv preprint arXiv:1210.0530},
  year={2012}
}

@article{wilson2014best,
  title={Best practices for scientific computing},
  author={Wilson, Greg and Aruliah, Dhavide A and Brown, C Titus and Hong, Neil P Chue and Davis, Matt and Guy, Richard T and Haddock, Steven HD and Huff, Kathryn D and Mitchell, Ian M and Plumbley, Mark D and others},
  journal={PLoS biology},
  volume={12},
  number={1},
  year={2014},
  publisher={Public Library of Science}
}

@article{shade2015roadmap,
    author = {Shade, Ashley AND Teal, Tracy K.},
    journal = {PLOS Biology},
    publisher = {Public Library of Science},
    title = {Computing Workflows for Biologists: A Roadmap},
    year = {2015},
    month = {11},
    volume = {13},
    url = {https://doi.org/10.1371/journal.pbio.1002303},
    pages = {1-10},
    abstract = {With the biologist in mind, this Community Page presents a practical strategy for computing workflows that emphasizes reproducible research.},
    number = {11},
    doi = {10.1371/journal.pbio.1002303}
}

@article{johnson2019,
  title={Re-assembly, quality evaluation, and annotation of 678 microbial eukaryotic reference transcriptomes},
  author={Johnson, Lisa K and Alexander, Harriet and Brown, C Titus},
  journal={GigaScience},
  volume={8},
  number={4},
  pages={giy158},
  year={2019},
  publisher={Oxford University Press}
}

@article{brown2019exploring,
  title={Exploring neighborhoods in large metagenome assembly graphs reveals hidden sequence diversity},
  author={Brown, C Titus and Moritz, Dominik and O'brien, Michael and Reidl, Felix and Reiter, Taylor and Sullivan, Blair},
  journal={BioRxiv},
  pages={462788},
  year={2019},
  publisher={Cold Spring Harbor Laboratory}
}

@article{kieser2019atlas,
  title={ATLAS: a Snakemake workflow for assembly, annotation, and genomic binning of metagenome sequence data},
  author={Kieser, Silas and Brown, Joseph and Zdobnov, Evgeny M and Trajkovski, Mirko and McCue, Lee Ann},
  journal={bioRxiv},
  pages={737528},
  year={2019},
  publisher={Cold Spring Harbor Laboratory}
}

@article{clarke2019sunbeam,
  title={Sunbeam: an extensible pipeline for analyzing metagenomic sequencing experiments},
  author={Clarke, Erik L and Taylor, Louis J and Zhao, Chunyu and Connell, Andrew and Lee, Jung-Jin and Fett, Bryton and Bushman, Frederic D and Bittinger, Kyle},
  journal={Microbiome},
  volume={7},
  number={1},
  pages={46},
  year={2019},
  publisher={Springer}
}

